<?xml version="1.0" encoding="UTF-8"?><collection xmlns="http://www.loc.gov/MARC21/slim"><record><leader>00393nam--2200157-i-4500</leader><controlfield tag="001">000020695</controlfield><controlfield tag="002">20161230</controlfield><controlfield tag="005">20161230201033</controlfield><controlfield tag="008">060222s1000------------r-----000-0-eng-d</controlfield><datafield ind1=" " ind2=" " tag="020"><subfield code="a">0-387-97</subfield></datafield><datafield ind1=" " ind2=" " tag="080"><subfield code="a">519.72</subfield></datafield><datafield ind1=" " ind2=" " tag="100"><subfield code="a">Roman, Steven</subfield></datafield><datafield ind1=" " ind2=" " tag="245"><subfield code="a">Coding and information theory</subfield></datafield><datafield ind1=" " ind2=" " tag="260"><subfield code="a">Berlin, Springer-verlag, 1992. 486 P</subfield></datafield><datafield ind1=" " ind2=" " tag="852"><subfield code="a">49167</subfield><subfield code="c">517.9</subfield></datafield><datafield ind1=" " ind2=" " tag="CAT"><subfield code="a">Sys</subfield><subfield code="c">20090323</subfield><subfield code="h">122608</subfield></datafield></record></collection>